<?xml version="1.0" encoding="UTF-8"?><collection xmlns="http://www.loc.gov/MARC21/slim"><record><leader>00387nam--2200145-i-4500</leader><controlfield tag="001">000046261</controlfield><controlfield tag="002">20161230</controlfield><controlfield tag="005">20170127120701</controlfield><controlfield tag="008">060222s1000------------r-----000-0-eng-d</controlfield><datafield ind1=" " ind2=" " tag="100"><subfield code="a">Van Wazer, J. R</subfield></datafield><datafield ind1=" " ind2=" " tag="245"><subfield code="a">Phosphorus and its compounds. Vol. I: Chemistry</subfield></datafield><datafield ind1=" " ind2=" " tag="260"><subfield code="a">New York</subfield><subfield code="b">Interscience Publ.Inc</subfield><subfield code="c">1958</subfield></datafield><datafield ind1=" " ind2=" " tag="300"><subfield code="a">XIII+2046 p</subfield></datafield><datafield ind1=" " ind2=" " tag="852"><subfield code="a">16302</subfield></datafield><datafield ind1=" " ind2=" " tag="CAT"><subfield code="a">SYS</subfield><subfield code="c">20170127</subfield><subfield code="h">120701</subfield></datafield></record></collection>